<collection xmlns="http://www.loc.gov/MARC21/slim">
<record>
  <leader>00785nam0a22002051i 450 </leader>
  <controlfield tag="001">IT\ICCU\CNCE\026342</controlfield>
  <controlfield tag="005">20091104000000.0</controlfield>
  <datafield tag="012" ind1=" " ind2=" ">
    <subfield code="a">a.m, 67d. naea ruQu (3) 1572 (R)</subfield>
    <subfield code="2">fei</subfield>
  </datafield>
  <datafield tag="100" ind1=" " ind2=" ">
    <subfield code="a">19971015d1572        0itac0103    ba</subfield>
  </datafield>
  <datafield tag="101" ind1=" " ind2=" ">
    <subfield code="a">LAT</subfield>
  </datafield>
  <datafield tag="102" ind1=" " ind2=" ">
    <subfield code="a">IT</subfield>
  </datafield>
  <datafield tag="200" ind1="1" ind2=" ">
    <subfield code="a">℗C. Salustii Crispi ℗De coniuratione Catilinae, et de bello Iugurthino historiae ...</subfield>
  </datafield>
  <datafield tag="210" ind1=" " ind2=" ">
    <subfield code="a">Venetiis</subfield>
    <subfield code="c">apud Haeredes Ioannis Mariae Bonelli</subfield>
    <subfield code="d">1572</subfield>
  </datafield>
  <datafield tag="215" ind1=" " ind2=" ">
    <subfield code="a">\8!, 154, \3! c.</subfield>
    <subfield code="c">ill.</subfield>
    <subfield code="d">fol</subfield>
  </datafield>
  <datafield tag="300" ind1=" " ind2=" ">
    <subfield code="a">ANNULLATA  ̈la 26346</subfield>
  </datafield>
  <datafield tag="620" ind1=" " ind2=" ">
    <subfield code="a">IT</subfield>
    <subfield code="d">Venezia</subfield>
  </datafield>
  <datafield tag="700" ind1=" " ind2="1">
    <subfield code="a">Sallustius Crispus,</subfield>
    <subfield code="b">Gaius</subfield>
    <subfield code="3">IT\ICCU\CNCA\006626</subfield>
  </datafield>
  <datafield tag="712" ind1="0" ind2="0">
    <subfield code="a">Bonelli, Giovanni Maria</subfield>
    <subfield code="c"> &lt;1.&gt; - eredi</subfield>
    <subfield code="3">IT\ICCU\CNCT\000992</subfield>
    <subfield code="4">650</subfield>
  </datafield>
  <datafield tag="801" ind1=" " ind2="3">
    <subfield code="a">IT</subfield>
    <subfield code="b">ICCU</subfield>
    <subfield code="c">20201114</subfield>
  </datafield>
  <datafield tag="899" ind1=" " ind2=" ">
    <subfield code="a">Biblioteca dell&apos;Abbazia di Monte Oliveto Maggiore. Asciano</subfield>
    <subfield code="1">SI0003</subfield>
    <subfield code="2">ZSI 04</subfield>
  </datafield>
</record>
</collection>
